<?xml version="1.0" encoding="UTF-8"?><collection xmlns="http://www.loc.gov/MARC21/slim"><record><leader>00624nam--2200181-u-4500</leader><controlfield tag="001">000053819</controlfield><controlfield tag="002">20161230</controlfield><controlfield tag="005">20161230201051</controlfield><controlfield tag="008">110622s1000------------r-----000-0-eng-d</controlfield><datafield ind1=" " ind2=" " tag="040"><subfield code="a">IFIN-HH</subfield></datafield><datafield ind1=" " ind2=" " tag="080"><subfield code="a">537-962(061.3)</subfield></datafield><datafield ind1="1" ind2=" " tag="110"><subfield code="a">Societe Des Electriciens Des Electroniciens Et Radioelectriciens</subfield></datafield><datafield ind1="1" ind2="0" tag="245"><subfield code="a">Eighth european microwave conference</subfield><subfield code="b">Conference proceedings monday 4 to friday 8 september 1978, hotel meridien, paris, france</subfield></datafield><datafield ind1=" " ind2=" " tag="260"><subfield code="a">Temple House</subfield><subfield code="b">Microwave Exhibitions And Publishers Ltd</subfield><subfield code="c">1978</subfield></datafield><datafield ind1=" " ind2=" " tag="300"><subfield code="a">835P</subfield></datafield><datafield ind1=" " ind2=" " tag="490"><subfield code="a">Proceedings</subfield></datafield><datafield ind1=" " ind2=" " tag="852"><subfield code="a">46693</subfield><subfield code="c">537:538</subfield></datafield><datafield ind1=" " ind2=" " tag="CAT"><subfield code="a">Sys</subfield><subfield code="c">20110622</subfield><subfield code="h">160203</subfield></datafield></record></collection>